<?xml version="1.0" encoding="UTF-8"?><record xmlns="http://www.loc.gov/MARC21/slim" xmlns:cinclude="http://apache.org/cocoon/include/1.0" xmlns:zs="http://www.loc.gov/zing/srw/">
  <leader>00685cz  a2200145n  4500</leader>
  <controlfield tag="001">n  86829240 </controlfield>
  <controlfield tag="003">DLC</controlfield>
  <controlfield tag="005">20080418075922.0</controlfield>
  <controlfield tag="008">860522n| acannaabn          |a and      </controlfield>
  <datafield tag="010" ind1=" " ind2=" ">
    <subfield code="a">n  86829240 </subfield>
  </datafield>
  <datafield tag="035" ind1=" " ind2=" ">
    <subfield code="a">(OCoLC)oca01588127</subfield>
  </datafield>
  <datafield tag="040" ind1=" " ind2=" ">
    <subfield code="a">DLC</subfield>
    <subfield code="b">eng</subfield>
    <subfield code="c">DLC</subfield>
    <subfield code="d">OCoLC</subfield>
  </datafield>
  <datafield tag="110" ind1="2" ind2=" ">
    <subfield code="a">Brooklyn College.</subfield>
    <subfield code="b">Program for Culture at Play</subfield>
  </datafield>
  <datafield tag="410" ind1="2" ind2=" ">
    <subfield code="a">Brooklyn College.</subfield>
    <subfield code="b">Humanities Institute.</subfield>
    <subfield code="b">Multimedia Studies in American Drama.</subfield>
    <subfield code="b">Program for Culture at Play</subfield>
  </datafield>
  <datafield tag="670" ind1=" " ind2=" ">
    <subfield code="a">nuc85-76282: Showcasing American drama, c1983</subfield>
    <subfield code="b">(hdg. on NNCU-G rept.: Brooklyn College. Program for Culture at Play; usage: Program for Culture at Play, Multimedia Studies in American Drama, Humanities Institute, Brooklyn College)</subfield>
  </datafield>
</record>